%% this section is for adaptive MCMC papers
% atchade05
@article{atchade05,
author	= {Atchad\'{e},Y.F. and Rosenthal, J.S.},
title		= {On adaptive Markov chain Monte Carlo algorithms},
year		= {2005},
journal	= {Bernoulli},
volume	= {11},
number	= {5},
pages	= {815-828}
}

% haario01
@article{haario01,
author	= {Haario, H. and Saksman, E. and Tamminen, J.},
title		= {An Adaptive Metropolis Algorithm},
year		= {2001},
journal	= {Bernoulli},
volume	= {7},
number	= {2},
pages	= {223-242}
}

% haario05
@article{haario05,
author	= {Haario, H. and Saksman, E. and Tamminen, J.},
title		= {Componentwise adaptation for high dimensional MCMC},
year		= {2005},
journal	= {Computational Statistics},
volume	= {20},
pages	= {265-273}
}

% roberts06
@article{roberts06,
author	= {Roberts, G.O. and Rosenthal, J.S.},
title		= {Examples of adaptive MCMC},
year		= {2006},
journal	= {Journal of Computational and Graphical Statistics},
volume	= {18},
number	= {2},
pages	={349-367}
}

% roberts07
@article{roberts07,
author	= {Roberts, G.O. and Rosenthal, J.S.},
title		= {Coupling and ergodicity of adaptive Markov chain Monte Carlo algorithms},
year		= {2007},
journal	= {Journal of applied probability},
volume	= {44},
number	= {2},
pages	= {458-475}
}
% end of adaptive MCMC papers

% Banerjee15
@book{banerjee15,
author	= {Banerjee, S. and Carlin, B.P. and Gelfand, A.E.},
title		= {Hierarchical Modeling and Analysis for Spatial Data},
year		= {2015},
publisher	= {CRC Press},
address	= {Boca Raton, Florida}
}

% Casella02
@book{casella02,
author	= {Casella, G. and Berger, R.L.},
title		= {Statistical Inference},
year		= {2002},
edition	= {Second},
publisher	= {Duxbury},
address	= {Pacific Grove, California}
}

% Casella08
@article{casella08,
author	= {Casella, G. and Park, Trevor},
title		= {The Bayesian Lasso},
journal	= {Journal of the American Statistical Association},
year		= {2008},
volume	= {103},
}

% Cressie11
@book{cressie11,
author	= {Cressie, Noel and Wikle, Christopher K.},
title		= {Statistics for Spatio-Temporal Data},
year		= {2011},
publisher	= {John Wiley \& Sons, Inc.},
address	= {Hoboken, New Jersey}
}

% Gamerman06
@book{gamerman06,
author	= {Gamerman, Dani and Lopes, Hedibert F.},
title		= {Markov Chain Monte Carlo},
subtitle	= {Stochastic Simulation for Bayesian Inference},
year		= {2006},
edition	= {Second},
publisher	= {Chapman \& Hall/CRC},
address	= {Boca Raton, Florida}
}

% Gelman92
@article{gelman92,
author	= {Gelman, A. and Rubin, D.B.},
year		= {1992},
title		= {Inference from Iterative Simulation using Multiple Sequences},
journal	= {Statistical Science},
volume	= {7},
pages	= {434-455}
}


% Gelman14
@book{gelman14,
author	= {Gelman, A. and Carlin, J.B. and Stern, H.S. and Dunson, D.B. and Vehtari, A. and Rubin, D.B.},
title		= {Bayesian Data Analysis},
year		= {2014},
edition	= {Third},
publisher	= {CRC Press},
address	= {Boca Raton, Florida}
}

% Greenburg
@article{greenburg95,
author	={Chib, Siddartha and Greenburg, Edward},
title		={Understanding the Metropolis Hastings Algorithm},
year		={1995},
journal	={The American Statistician}

}

% Hastings70
@article{hastings70,
author	= {Hastings, W.K.},
year		= {1970},
title		= {Monte Carlo Sampling Methods Using Markov Chains and Their Applications},
journal	= {Biometrika},
volume	= {57},
pages	= {97-109}
}

% Jones 2006
@article{jones06,
author	={Jones, Galin L. and Haran, Murali and Caffo, Brian S. and Ronald Neath},
year		={2006},
title		={Fixed-Width Output Analysis for Markov Chain Monte Carlo},
journal	={Jornal of the American Statistical Association}

}

% Mccullagh89
@book{mccullagh89,
author	= {McCullagh, P. and Nelder, J.A.},
title		= {Generalized Linear Models},
year		= {1989},
edition	= {Second},
publisher	= {Chapman \& Hall/CRC},
address	= {Boca Raton, Florida}
}

% Metropolis53
@article{metropolis53,
author	= {Metropolis, N. and Rosenbbluth, A.W. and Rosenbluth, M.N. and Teller, A. H. and Teller, E.},
year		= {1953},
title		= {Equation of state calculations by fast computing machine},
journal	= {Journal of Chemical Physics},
volume	= {21},
pages	= {1087-91}
}

% Raftery92
@incollection{raftery92,
author	= {Raftery, A.E. and Lewis, S.M.},
year		= {1992},
title		= {How many iterations in the Gibbs sampler?},
booktitle	= {Bayesian Statistics 4},
publisher	= {Oxford University Press},
pages	= {763-773}
}

% Robert 04
@book{robert04,
author	= {Robert, Christian P.  and Casella, George},
title		= {Monte Carlo Statistical Methods},
year		= {2004},
edition	= {Second},
publisher	= {Springer},
address	= {New York, New York}
}

% Spiefelhalter et al	
@article{spiegelhalter02,
author	={Spiegelhalter, David J. and Best, Nicola G. and Carlin, Bradley P. and van der Line, Anglika},
title		={Bayesian measures of model complexity and fit},
year 		={2002},
journal 	={J.R. Statistics}
}

% Weisberg05
@book{weisberg05,
author	= {Weisberg, Sanford},
year		= {2005},
title		= {Applied Linear Regression},
edition	= {Third},
publisher	= {John Wiley \& Sons, Inc.},
address	= {Hoboken, New Jersey}
}

% Faraway 2006
@book{faraway06,
author	= {Faraway, Julian},
year		= {2006},
title		= {Extending the Linear Model with R},
edition	= {First},
publisher	= {Chapman \& Hall CRC},
address	= {Boca Rotan, Florida}
}

% Hughes 2012
@article{hughes12,
author	= {Hughes, John and Haran, Murali},
year		= {2012},
title		= {Dimension Reduction and Alleviation of Confounding
for Spatial Generalized Linear Mixed Models},
journal	={Journal of the Royal Statistical Society}
}

% Besag1974
@article{besag1974,
author	={Besag, Julian},
year		={1974},
title		={Spatial Interaction and the Statistical Analysis of Lattice Systems},
journal	={Journal of the Roal Statistical Society},
volume	={36},
pages		={192-236}

 }
 
 
 % HeSun2000
 @article{hesun2000,
 author	={He, Zhuoqiong and Sun, Dongchu},
 title		={Hierarchical Bayes Estimation of Hunting Success Rates with Spatial Correlations},
 year		={2000},
 journal	={Biometrics},
 edition	={56},
 pages	={360-367}
 
 }
 
 @book{lawson06,
 author={A. B. Lawson},
 title={Bayesian Disease Mapping: Hierarchical Modeling in Spatial Epidemiology},
 year={2013},
 publisher={CRC Press},
 edition={2},
 }
   
 % Waller 1997
 @article{waller1997,
 author	={Waller, Lance and Carlin, Bradley and Xia, Hong and Gelfand, Alan},
 year		={1997},
 journal		={Journal of the American Statistical Association},
 title={Hierarchical Spatio-Temporal Mapping of Disease Rates},
 volume	={92},
 pages	={607-617}
 }
 
 
 % Intro to statistical learning
 @book{james2013,
 author	={James, Gareth and Witten, Daniela and Hastie, Trevor and Tibshirani, Robert},
 year		={2013},
 title		={An Introduction to Statistical Learning},
 publisher	= {Springer},
 
 }
 
 % MacNab 2000
 @article{macnab2000,
 author	={MacNab, Y. C. and Dean, C. B.},
 year		={2000},
 title		={Parametric bootstrap and penalized quasi-likelihood inference in conditional autoregressive models},
 journal	={Statistics in Medicine},
 volume	={19}
 }
 
 % Pace et al
 @article{pace2000,
 author	={Pace, R. Kelley and Barry, Ronald and Gilley, Otis W. and Sirmans, C.F.},
 year		={2000},
 title		={A method for spatial-temporal forecasting with an application to real estate prices},
 journal	={International Journal of Forecasting},
 pages	= {229-246}
 }
 
 % zhou
 @article{zhou2012,
 author	={Zhou, Jingwen and Change, Howard H. and Fuentes, Montserrat},
 year		={2012},
 title		={Estimating the Health Impact of Climate Change With Calibrated Climate Model Output},
 journal	= {Journal of Agricultural, Biological, and Environmental Statistics},
 }